<collection xmlns="http://www.loc.gov/MARC21/slim">
   <record>
      <leader>02215cam a2200373 i 45 0</leader>
      <controlfield tag="001">6795580</controlfield>
      <controlfield tag="003">OCoLC</controlfield>
      <controlfield tag="005">20150129121520.0</controlfield>
      <controlfield tag="008">140924s2015    nyu           000 1 eng d</controlfield>
      <datafield ind1=" " ind2=" " tag="020">
         <subfield code="a">9780062107770 (pbk.)</subfield>
      </datafield>
      <datafield ind1=" " ind2=" " tag="020">
         <subfield code="a">0062107771 (pbk.)</subfield>
      </datafield>
      <datafield ind1=" " ind2=" " tag="035">
         <subfield code="a">ocn891402687</subfield>
      </datafield>
      <datafield ind1=" " ind2=" " tag="040">
         <subfield code="a">BDX</subfield>
         <subfield code="b">eng</subfield>
         <subfield code="e">rda</subfield>
         <subfield code="c">BDX</subfield>
         <subfield code="d">NOG</subfield>
         <subfield code="d">OCLCO</subfield>
         <subfield code="d">JOY</subfield>
         <subfield code="d">OCLCO</subfield>
         <subfield code="d">ABG</subfield>
         <subfield code="d">ZS3</subfield>
         <subfield code="d">YDXCP</subfield>
         <subfield code="d">BTCTA</subfield>
         <subfield code="d">CDX</subfield>
         <subfield code="d">AEVC</subfield>
      </datafield>
      <datafield ind1="0" ind2="4" tag="082">
         <subfield code="a">813.6</subfield>
         <subfield code="2">23</subfield>
      </datafield>
      <datafield ind1=" " ind2=" " tag="090">
         <subfield code="a">Romance SPA</subfield>
         <subfield code="b">AEVC</subfield>
      </datafield>
      <datafield ind1="1" ind2=" " tag="100">
         <subfield code="a">Sparks, Kerrelyn,</subfield>
         <subfield code="e">author.</subfield>
         <subfield code="0">http://id.loc.gov/authorities/names/nr2003002643</subfield>
         <subfield code="0">http://viaf.org/viaf/52879922</subfield>
      </datafield>
      <datafield ind1="1" ind2="0" tag="245">
         <subfield code="a">Crouching tiger, forbidden vampire /</subfield>
         <subfield code="c">Kerrelyn Sparks.</subfield>
      </datafield>
      <datafield ind1=" " ind2="1" tag="264">
         <subfield code="a">New York :</subfield>
         <subfield code="b">Avon, An Imprint of HarperCollinsPublishers,</subfield>
         <subfield code="c">[2015]</subfield>
      </datafield>
      <datafield ind1=" " ind2="4" tag="264">
         <subfield code="c">©2015.</subfield>
      </datafield>
      <datafield ind1=" " ind2=" " tag="300">
         <subfield code="a">372 pages ;</subfield>
         <subfield code="c">18 cm</subfield>
      </datafield>
      <datafield ind1=" " ind2=" " tag="336">
         <subfield code="a">text</subfield>
         <subfield code="b">txt</subfield>
         <subfield code="2">rdacontent</subfield>
         <subfield code="0">http://id.loc.gov/vocabulary/contentTypes/txt</subfield>
      </datafield>
      <datafield ind1=" " ind2=" " tag="337">
         <subfield code="a">unmediated</subfield>
         <subfield code="b">n</subfield>
         <subfield code="2">rdamedia</subfield>
         <subfield code="0">http://id.loc.gov/vocabulary/mediaTypes/n</subfield>
      </datafield>
      <datafield ind1=" " ind2=" " tag="338">
         <subfield code="a">volume</subfield>
         <subfield code="b">nc</subfield>
         <subfield code="2">rdacarrier</subfield>
         <subfield code="0">http://id.loc.gov/vocabulary/carriers/nc</subfield>
      </datafield>
      <datafield ind1="1" ind2=" " tag="490">
         <subfield code="a">Love at stake series</subfield>
      </datafield>
      <datafield ind1=" " ind2=" " tag="500">
         <subfield code="a">"Avon paranormal romance"--Spine.</subfield>
      </datafield>
      <datafield ind1=" " ind2=" " tag="520">
         <subfield code="a">Russell wakes from a coma to find he's become a vampire. Now he has a thirst for revenge. Determined to hunt down the master vampire who turned him, he's used to working alone, until he meets Jia. She is after the same vampire for murdering her parents and insists she can help Russell on this mission. Reluctantly, he agrees, and sets up some ground rules: Their partnership is strictly business. If he holds her a little too close, if she looks at him with those exotic eyes, that has to stop.</subfield>
      </datafield>
      <datafield ind1=" " ind2=" " tag="596">
         <subfield code="a">3</subfield>
      </datafield>
      <datafield ind1=" " ind2="0" tag="650">
         <subfield code="a">Vampires</subfield>
         <subfield code="v">Fiction.</subfield>
         <subfield code="0">http://id.loc.gov/authorities/subjects/sh2008113166</subfield>
      </datafield>
      <datafield ind1=" " ind2="0" tag="650">
         <subfield code="a">Man-woman relationships</subfield>
         <subfield code="v">Fiction.</subfield>
         <subfield code="0">http://id.loc.gov/authorities/subjects/sh2008107175</subfield>
      </datafield>
      <datafield ind1=" " ind2="0" tag="655">
         <subfield code="a">Paranormal romance stories.</subfield>
         <subfield code="0">http://id.loc.gov/authorities/subjects/sh2010000513</subfield>
      </datafield>
      <datafield ind1=" " ind2=" " tag="758">
         <subfield code="0">http://worldcat.org/entity/work/id/1773623</subfield>
      </datafield>
      <datafield ind1="0" ind2=" " tag="787">
         <subfield code="n">OCLC Work Id</subfield>
         <subfield code="o">http://worldcat.org/entity/work/id/1773623</subfield>
      </datafield>
      <datafield ind1="1" ind2=" " tag="800">
         <subfield code="a">Sparks, Kerrelyn.</subfield>
         <subfield code="t">Love at stake series.</subfield>
      </datafield>
      <datafield ind1=" " ind2=" " tag="926">
         <subfield code="a">Romance SPA</subfield>
         <subfield code="w">ASIS</subfield>
         <subfield code="c">1</subfield>
         <subfield code="i">33862001356355</subfield>
         <subfield code="d">10/14/2015</subfield>
         <subfield code="e">9/23/2015</subfield>
         <subfield code="l">PAPERBACKS</subfield>
         <subfield code="m">NORQ_MAIN</subfield>
         <subfield code="n">1</subfield>
         <subfield code="p">$7.49</subfield>
         <subfield code="r">Y</subfield>
         <subfield code="s">Y</subfield>
         <subfield code="t">PAPERBACK</subfield>
         <subfield code="u">3/23/2015</subfield>
      </datafield>
   </record>
</collection>
